% This file was created with JabRef 2.10.
% Encoding: Cp1252


@Electronic{entoloma,
  Title                    = {Rötlinge / Entoloma},
  Author                   = {Machiel Evert Noordeloos},
  Url                      = {http://www.entoloma.nl/html/duits.html},

  Keywords                 = {entoloma},
  Owner                    = {Kevin},
  Timestamp                = {2014.07.03}
}

