%% LaTeX2e file `jobname.bib'
%% generated by the `filecontents' environment
%% from source `dokument' on 2014/07/03.
%%
@book{author_book,
title = {Book's title},
author = {Author, Some},
location = {The City},
publisher = {Publisher},
date = {2005},
}
