%% LaTeX2e file `test.bib'
%% generated by the `filecontents' environment
%% from source `dokument' on 2014/07/03.
%%
@Electronic{entoloma,
  Title                    = {Roetlinge / Entoloma},
  Author                   = {Machiel Evert Noordeloos},
  Url                      = {http://www.entoloma.nl/html/duits.html},
  Keywords                 = {entoloma},
  Owner                    = {Kevin},
  Urldate       = {2014-07-03}
}
@Electronic{beschreibung,
  Title                    = {RÃ¶tling, Entoloma},
  Author                   = {R. Winkler},
  Url                      = {http://www.pilze.ch/pilzbestimmung/artenlisten/Entoloma.htm},
  Keywords                 = {beschreibung},
  Owner                    = {Kevin},
  Urldate       = {2014-07-03}
}
@Book{kosmos,
  Title                    = {Der Kosmos-Pilzatlas},
  Author                   = {Roger Phillips},
  Publisher                = {Franck-Kosmos Verlag},
  Year                     = {1990},
  Edition                  = {2},

  Owner                    = {Kevin},
  Timestamp                = {2014.07.03}
}
@Book{naturfuehrer,
  Title                    = {Pilze, sicher bestimmen mit Foto und Zeichnung},
  Author                   = {Karin Montag},
  Publisher                = {Franck-Kosmos Verlag},
  Year                     = {2003},
  Edition                  = {2},

  Owner                    = {Kevin},
  Timestamp                = {2014.07.03}
}


